@inproceedings{weiner1973linear,
  title={Linear pattern matching algorithms},
  author={Weiner, Peter},
  booktitle={Switching and Automata Theory, 1973. SWAT'08. IEEE Conference Record of 14th Annual Symposium on},
  pages={1--11},
  year={1973},
  organization={IEEE}
}

@article{karp1987efficient,
  title={Efficient randomized pattern-matching algorithms},
  author={Karp, Richard M. and Rabin, Michael O.},
  journal={IBM Journal of Research and Development},
  volume={31},
  number={2},
  pages={249--260},
  year={1987},
  publisher={IBM}
}

@article{knuth1977fast,
  title={Fast pattern matching in strings},
  author={Knuth, Donald E. and Morris, Jr, James H. and Pratt, Vaughan R.},
  journal={SIAM journal on computing},
  volume={6},
  number={2},
  pages={323--350},
  year={1977},
  publisher={Society for Industrial and Applied Mathematics}
}

@article{boyer1977fast,
  title={A fast string searching algorithm},
  author={Boyer, Robert S. and Moore, J. Strother},
  journal={Communications of the ACM},
  volume={20},
  number={10},
  pages={762--772},
  year={1977},
  publisher={ACM}
}

@book{Gusfield:1997:AST:262228,
 author = {Gusfield, Dan},
 title = {Algorithms on Strings, Trees, and Sequences: Computer Science and Computational Biology},
 year = {1997},
 isbn = {0-521-58519-8},
 publisher = {Cambridge University Press},
 address = {New York, NY, USA},
} 

